@book{le,
  title={Livro dos Espíritos},
  author={Kardec, Allan},
  volume={176},
  year={2008},
  publisher={Editora IDE}
}


@article{evangelho,
  title={O Evangelho Segundo o Espiritismo},
  author={Kardec, Allan},
  year={1855}
  
}

@article{motor-cc-1,
  title={Função de transferencia Motos CC},
  author={Prof. José Renes, Dr. Engº},
  journal={Programa de Gradua{\c{c}}{\~a}o em Engenharia El{\'e}trica (PPGEE)},
  year={2009}
}

@article{motor-cc,
  title={Determinação dos parâmetros do Motos Corrente Contínua},
  author={Maldonado, Leonardo Salas},
  journal={Laboratório de máquinas elétricas},
  href={www.portalsjcampos.com},
  year = {2007}
}

@book{sistemas,
  title={Sistemas digitais: fundamentos e aplicações},
  author={Floyd, Thomas},
  year={2007},
  publisher={Bookman}
}

@article{ci-555,
  title={Projetos Eletrônicos com o CI 555},
  author={Parr, EA},
  journal={Projetos Eletrônicos com o CI 555},
  year={1981},
  publisher={Seleções Eletrônicas Editora Ltda. Rio de Janeiro}
}

@book{eletrofiaccao,
  title={Eletrofiação},
  author={Júnior, Vital Pereira Batista},
  year={2008},
  publisher={Clube de Autores}
}

@article{de2011tutorial,
  title={Tutorial Técnico: O Temporizador 555},
  author={de Lima, Charles Borges},
  journal={Revista Ilha Digital},
  volume={2},
  pages={97--106},
  year={2011}
}

@book{tocci2003sistemas,
  title={Sistemas digitais: princ{\'\i}pios e aplica{\c{c}}{\~o}es},
  author={Tocci, Ronald J and Widmer, Neal S and Moss, Gregory L},
  volume={8},
  year={2003},
  publisher={Prentice Hall}
}


@book {nise,
  title = {Engenharia de Sistemas de Controle},
  author = {Nise, Norman S e da Silva, Fernando Ribeiro},
  volume = {3},
  year =  {2002},
  publisher = {LTC}
 }

@misc{ogata2003,
  title = {Engenharia de Controle Moderno},
  author = {Katsuhiko Ogata, HF},
  volume = {4},
  year = {2003},
  publisher = {Prentice-Hall do Brasil,}
}

@book{gnu_octave_1,
  title={Gnu octave},
  author={Eaton, John Wesley and Bateman, David and Hauberg, S{\o}ren},
  year={1997},
  publisher={Network thoery London}
}

@article{castro2010software,
  title={Software livre aplicado ao ensino de engenharia e computa{\c{c}}{\~a}o},
  author={Castro, Eberval Oliveira and L{\"u}hmann, {\^A}ngela Cristina de Oliveira},
  journal={Revista de Ci{\^e}ncias Exatas e Tecnologia},
  volume={4},
  number={4},
  pages={111--129},
  year={2010}
}

@inproceedings{leros2010matlab,
  title={Matlab-Octave science and engineering benchmarking and comparison},
  author={Leros, A and Andreatos, A and Zagorianos, A},
  booktitle={Proceedings of the 14th WSEAS international conference on Computers: part of the 14th WSEAS CSCC multiconference},
  pages={746--754},
  year={2010}
}


@inproceedings{reis2012software,
  title={Software defined radio on digital communications: A new teaching tool},
  author={Reis, Andr{\'e} LG and Selva, Andr{\'e} FB and Lenzi, Karlo G and Barbin, S{\'\i}lvio E and Meloni, Lu{\'\i}s GP},
  booktitle={Wireless and Microwave Technology Conference (WAMICON), 2012 IEEE 13th Annual},
  pages={1--8},
  year={2012},
  organization={IEEE}
}
