% This is an auxiliary file used by the 'notes2bib' package.
% This file may safely be deleted.
% It will be recreated as required.

@misc{Note1,
  note = {Note for the first example},
  key = {Note1},
  keywords = {note},
  presort = {mm},
}

@misc{Note2,
  note = {Note for the second example},
  key = {Note2},
  keywords = {note},
  presort = {mm},
}


